@misc{ferguson1991,
	author = {Ferguson, Helaman R. P. and Bailey, David H.},
	title  = {A Polynomial Time, Numerically Stable Integer Relation Algorithm},
	year   = {1991},
	note   = {manuscript}
}
@manual{mpmath,
	key    = {mpmath},
	author = {The mpmath development team},
	title  = {mpmath: a {P}ython library for arbitrary-precision floating-point arithmetic},
	note   = {{\tt http://mpmath.org/}},
	year   = {2023},
}
